@article{MISBAH201579,%1
title = {Teacher interpersonal behaviour and student motivation in competence-based vocational education: Evidence from Indonesia},
journal = {Teaching and Teacher Education},
volume = {50},
pages = {79-89},
year = {2015},
issn = {0742-051X},
doi = {https://doi.org/10.1016/j.tate.2015.04.007},
url = {https://www.sciencedirect.com/science/article/pii/S0742051X15000797},
author = {Zainun Misbah and Judith Gulikers and Ridwan Maulana and Martin Mulder},
keywords = {Teacher interpersonal behaviour, Competence-based education, Intrinsic motivation, Vocational education, Indonesia},
}
@article{2Mot,%2
 ISSN = {00346543, 19351046},
 URL = {http://www.jstor.org/stable/24752865},
 author = {Rory A. Lazowski and Chris S. Hulleman},
 journal = {Review of Educational Research},
 number = {2},
 pages = {602--640},
 publisher = {[Sage Publications, Inc., American Educational Research Association]},
 title = {Motivation Interventions in Education: A Meta-Analytic Review},
 volume = {86},
 year = {2016}
}
@article{barroso2018produccion, %3
  title={La producci{\'o}n de objetos de aprendizaje en realidad aumentada por estudiantes universitarios. Grado de aceptaci{\'o}n de esta tecnolog{\'\i}a y motivaci{\'o}n para su uso},
  author={Barroso-Osuna, Julio and Cabero-Almenara, Julio and Guti{\'e}rrez-Castillo, Juan-Jes{\'u}s},
  journal={Revista mexicana de investigaci{\'o}n educativa},
  volume={23},
  number={79},
  pages={1261--1283},
  year={2018},
  publisher={Consejo Mexicano de Investigaci{\'o}n Educativa AC}
}
@article{wei2015teaching, %4
  title={Teaching based on augmented reality for a technical creative design course},
  author={Wei, Xiaodong and Weng, Dongdong and Liu, Yue and Wang, Yongtian},
  journal={Computers \& Education},
  volume={81},
  pages={221--234},
  year={2015},
  publisher={Elsevier}
}
@article{lu2015integrating, %5
  title={Integrating augmented reality technology to enhance children’s learning in marine education},
  author={Lu, Su-Ju and Liu, Ying-Chieh},
  journal={Environmental Education Research},
  volume={21},
  number={4},
  pages={525--541},
  year={2015},
  publisher={Taylor \& Francis}
}
@article{DISERIO2013586, %6
title = {Impact of an augmented reality system on students' motivation for a visual art course},
journal = {Computers & Education},
volume = {68},
pages = {586-596},
year = {2013},
issn = {0360-1315},
doi = {https://doi.org/10.1016/j.compedu.2012.03.002},
url = {https://www.sciencedirect.com/science/article/pii/S0360131512000590},
author = {Ángela {Di Serio} and María Blanca Ibáñez and Carlos Delgado Kloos},
keywords = {Augmented reality, Motivation, Middle-school education}
}
@article{bernaus2009teachers, %7
  title={Teachers’ motivation, classroom strategy use, students’ motivation and second language achievement},
  author={Bernaus, Merc{\`e} and Wilson, Annie and Gardner, Robert C and others},
  year={2009},
  publisher={Universidad de Granada}
}
@article{pearson2005relationship,%8
  title={The relationship between teacher autonomy and stress, work satisfaction, empowerment, and professionalism.},
  author={Pearson, L Carolyn and Moomaw, William},
  journal={Educational research quarterly},
  volume={29},
  number={1},
  pages={38--54},
  year={2005},
  publisher={ERIC}
}
@article{sanchez2019estrategias, %9
  title={Estrategias Pedag{\'o}gicas en Procesos de Ense{\~n}anza y Aprendizaje en la Educaci{\'o}n Superior incluyendo Tecnolog{\'\i}as de la Informaci{\'o}n y las Comunicaciones},
  author={S{\'a}nchez-Otero, Madelin and Garc{\'\i}a-Guiliany, Jes{\'u}s and Steffens-Sanabria, Ernesto and Palma, Hugo Hern{\'a}ndez},
  journal={Informaci{\'o}n tecnol{\'o}gica},
  volume={30},
  number={3},
  pages={277--286},
  year={2019},
  publisher={Centro de Informaci{\'o}n Tecnol{\'o}gica}
}
@article{grissom2013effective, %10
  title={Effective instructional time use for school leaders: Longitudinal evidence from observations of principals},
  author={Grissom, Jason A and Loeb, Susanna and Master, Benjamin},
  journal={Educational Researcher},
  volume={42},
  number={8},
  pages={433--444},
  year={2013},
  publisher={SAGE Publications Sage CA: Los Angeles, CA}
}
@article{martinez2018aplicacion,%11
  title={Aplicaci{\'o}n de las Tecnolog{\'\i}as de la Informaci{\'o}n y la Comunicaci{\'o}n (TIC) en los Procesos de Ense{\~n}anza-Aprendizaje por parte de los Profesores de Qu{\'\i}mica},
  author={Mart{\'\i}nez-Arg{\"u}ello, Luz D and Hinojo-Lucena, Francisco J and D{\'\i}az, Inmaculada Aznar},
  journal={Informaci{\'o}n tecnol{\'o}gica},
  volume={29},
  number={2},
  pages={41--52},
  year={2018},
  publisher={Centro de Informaci{\'o}n Tecnol{\'o}gica}
}
@misc{jaclyn2010activities,%12
  title={Activities, Motivation, and Outcomes in a University Language-Learning Environment},
  author={Jaclyn, B},
  year={2010},
  publisher={Pensilvania: Carnegie Mellon University}
}
@article{dicheva2015gamification, %13
  title={Gamification in education: A systematic mapping study},
  author={Dicheva, Darina and Dichev, Christo and Agre, Gennady and Angelova, Galia},
  journal={Journal of Educational Technology \& Society},
  volume={18},
  number={3},
  pages={75--88},
  year={2015},
  publisher={JSTOR}
}
@article{da2016effectiveness, %14
  title={Effectiveness of gamification in the engagement of students},
  author={da Rocha Seixas, Luma and Gomes, Alex Sandro and de Melo Filho, Ivanildo Jos{\'e}},
  journal={Computers in Human Behavior},
  volume={58},
  pages={48--63},
  year={2016},
  publisher={Elsevier}
}
@article{chapman2018does,%15
  title={Does educational gamification improve students’ motivation? If so, which game elements work best?},
  author={Chapman, Jared R and Rich, Peter J},
  journal={Journal of Education for Business},
  volume={93},
  number={7},
  pages={315--322},
  year={2018},
  publisher={Taylor \& Francis}
}
@article{buckley2016gamification,%16
  title={Gamification and student motivation},
  author={Buckley, Patrick and Doyle, Elaine},
  journal={Interactive learning environments},
  volume={24},
  number={6},
  pages={1162--1175},
  year={2016},
  publisher={Taylor \& Francis}
}
@article{jaguvst2018examining,%17
  title={Examining competitive, collaborative and adaptive gamification in young learners' math learning},
  author={Jagu{\v{s}}t, Tomislav and Boti{\v{c}}ki, Ivica and So, Hyo-Jeong},
  journal={Computers \& education},
  volume={125},
  pages={444--457},
  year={2018},
  publisher={Elsevier}
}
@inproceedings{widodo2019analysis, %18
  title={Analysis of elementary school students’ mastery in math instruction based on arithmetic gamification},
  author={Widodo, S and Rahayu, P},
  booktitle={Journal of Physics: Conference Series},
  volume={1157},
  number={4},
  pages={042112},
  year={2019},
  organization={IOP Publishing}
}
@article{sakai2016practical, %19
  title={A Practical Study of Mathematics Education Using Gamification.},
  author={Sakai, Kyohei and Shiota, Shingo},
  journal={International Association for Development of the Information Society},
  year={2016},
  publisher={ERIC}
}
@article{tan2018, %20
author = {Tan, Debbita and Ganapathy, Malini and Mehar Singh, Manjet Kaur},
year = {2018},
month = {03},
pages = {565-582},
title = {Kahoot! It: Gamification in Higher Education},
volume = {26},
journal = {Pertanika Journal of Social Science and Humanities}
}
@phdthesis{melo2017gamificacion, %21
  title={Gamificaci{\'o}n en entornos colaborativos para dispositivos m{\'o}viles},
  author={Melo Andrade, Malena Gabriela},
  year={2017},
  school={Universidad de Extremadura}
}
@article{kaufmann2018reflection,%22
  title={Reflection: Benefits of Gamification in Online Higher Education.},
  author={Kaufmann, Daniel A},
  journal={Journal of Instructional Research},
  volume={7},
  pages={125--132},
  year={2018},
  publisher={ERIC}
}
@article{cabrera2018potencial,%23
  title={El potencial de la gamificaci{\'o}n para la Educaci{\'o}n a Distancia en M{\'e}xico.},
  author={Cabrera, William Ren{\'e} Reyes and Pech, Sergio Humberto Qui{\~n}onez},
  journal={Migramos a una Nueva Plataforma<},
  volume={18},
  number={1},
  year={2018}
}
@article{rincon2018strengthening,%24
  title={Strengthening an Educational Innovation Strategy: Processes to Improve Gamification in Calculus Course through Performance Assessment and Meta-Evaluation.},
  author={Rincon-Flores, Elvira G and Gallardo, Katherina and de la Fuente, Juana Mar{\'\i}a},
  journal={International Electronic Journal of Mathematics Education},
  volume={13},
  number={1},
  pages={1--11},
  year={2018},
  publisher={ERIC}
}
@inproceedings{rincon2016gamificacion,%25
  title={Gamificaci{\'o}n y su efecto en la competencia de resoluci{\'o}n de problemas},
  author={Rinc{\'o}n, E and Illanes, L and Gallardo, K},
  booktitle={Memorias del III Congreso Internacional de Innovaci{\'o}n Educativa. Retrieved from http://ciie. mx/memorias},
  year={2016}
}
@article{ryan2000self,%26
  title={Self-determination theory and the facilitation of intrinsic motivation, social development, and well-being.},
  author={Ryan, Richard M and Deci, Edward L},
  journal={American psychologist},
  volume={55},
  number={1},
  pages={68},
  year={2000},
  publisher={American Psychological Association}
}
@misc{albrecht2018relevance,
  title={Relevance for learning and motivation in education},
  author={Albrecht, Jeffrey R and Karabenick, Stuart A},
  year={2018},
  publisher={Taylor \& Francis}
}
@article{escribano2010gamification,
  title={Gamification Model Canvas Evolution for Design Improvement: Player Profiling and Decision Support Models},
  author={Escribano, Flavio and Cp, A},
  journal={Fundaci{\'o}n Iberoamericana Del Conocimiento},
  pages={1--6},
  year={2010}
}
@article{ryan2020intrinsic,
  title={Intrinsic and extrinsic motivation from a self-determination theory perspective: Definitions, theory, practices, and future directions},
  author={Ryan, Richard M and Deci, Edward L},
  journal={Contemporary Educational Psychology},
  volume={61},
  pages={101860},
  year={2020},
  publisher={Elsevier}
}
@article{deci2008self,
  title={Self-determination theory: A macrotheory of human motivation, development, and health.},
  author={Deci, Edward L and Ryan, Richard M},
  journal={Canadian psychology/Psychologie canadienne},
  volume={49},
  number={3},
  pages={182},
  year={2008},
  publisher={Educational Publishing Foundation}
}
@article{robson2015all,
  title={Is it all a game? Understanding the principles of gamification},
  author={Robson, Karen and Plangger, Kirk and Kietzmann, Jan H and McCarthy, Ian and Pitt, Leyland},
  journal={Business horizons},
  volume={58},
  number={4},
  pages={411--420},
  year={2015},
  publisher={Elsevier}
}
@article{escribano2010gamification,
  title={Gamification Model Canvas Evolution for Design Improvement: Player Profiling and Decision Support Models},
  author={Escribano, Flavio and Cp, A},
  journal={Fundaci{\'o}n Iberoamericana Del Conocimiento},
  pages={1--6},
  year={2010}
}
@article{vargo2008service,
  title={Service-dominant logic: continuing the evolution},
  author={Vargo, Stephen L and Lusch, Robert F},
  journal={Journal of the Academy of marketing Science},
  volume={36},
  number={1},
  pages={1--10},
  year={2008},
  publisher={Springer}
}
@article{huotari2017definition,
  title={A definition for gamification: anchoring gamification in the service marketing literature},
  author={Huotari, Kai and Hamari, Juho},
  journal={Electronic Markets},
  volume={27},
  number={1},
  pages={21--31},
  year={2017},
  publisher={Springer}
}
@book{zichermann2011gamification,
  title={Gamification by design: Implementing game mechanics in web and mobile apps},
  author={Zichermann, Gabe and Cunningham, Christopher},
  year={2011},
  publisher={" O'Reilly Media, Inc."}
}

@article{wiggins2016overview,
  title={An overview and study on the use of games, simulations, and gamification in higher education},
  author={Wiggins, Bradley E},
  journal={International Journal of Game-Based Learning (IJGBL)},
  volume={6},
  number={1},
  pages={18--29},
  year={2016},
  publisher={IGI Global}
}
@article{ibanez2014gamification,
  title={Gamification for engaging computer science students in learning activities: A case study},
  author={Ibanez, Maria-Blanca and Di-Serio, Angela and Delgado-Kloos, Carlos},
  journal={IEEE Transactions on learning technologies},
  volume={7},
  number={3},
  pages={291--301},
  year={2014},
  publisher={IEEE}
}

@article{coronado2014estudio,
  author          = {Antonio Coronado-Hij{\'{o}}n},
  title           = {Estudio de prevalencia de dificultades de aprendizaje en el c{\'{a}}lculo aritm{\'{e}}tico},
  issn            = {0210-5934},
  doi             = {https://doi.org/10.13042/Bordon.2014.66303},
  journal         = {Bord{\'{o}}n: Revista de pedagog{\'{i}}a},
  pages           = {36--60},
  year            = {2014}
}

@article{oecd2014what,
  author          = {OECD},
  title           = {PISA 2012 Results: What Students Know and Can Do – Student Performance in Mathematics, Reading and Science (Volume I, Revised edition, February 2014)},
  subtitle        = {PISA},
  journal         = {OECD Publishing},
  year            = {2014},
  doi             = {http://dx.doi.org/10.1787/9789264201118-en}
}

@article{oecd2013ready,
  author          = {OECD},
  title           = {PISA 2012 Results: Ready to Learn: Students’ Engagement, Drive and Self-Beliefs (Volume III)},
  subtitle        = {PISA},
  journal         = {OECD Publishing},
  year            = {2013},
  doi             = {http://dx.doi.org/10.1787/9789264201170-en}
}

@article{oecd2016low,
  author          = {OECD},
  title           = {Low-Performing Students: Why They Fall Behind and How to Help Them Succeed},
  subtitle        = {PISA},
  journal         = {OECD Publishing, Paris},
  year            = {2016},
  doi             = {http://dx.doi.org/10.1787/9789264250246-en}
}

@article{coronado2016academic,
  author          = {Antonio Coronado-Hij{\'{o}}n},
  title           = {Academic resilience: a transcultural perspective. Procedia - Social and Behavioral Sciences},
  journal         = {Elsevier Ltd},
  year            = {2016},
  doi             = {http://doi.org/10.1016/j.sbspro.2017.02.013},
}

@book{mullis2012timss,
  author          = {Ina V.S. Mullis, Michael O. Martin, Pierre Foy and Alka Arora},
  editor          = {Ina V. S. Mullis},
  title           = {TIMSS 2011 International Results in Mathematics},
  publisher       = {TIMSS & PIRLS International Study Center, Lynch School of Education, Boston College Chestnut Hill, MA, USA and International Association for the Evaluation of Educational Achievement (IEA) IEA Secretariat Amsterdam, the Netherlands},
  year            = {2012}
}


@book{mullis2016timss,
  author          = {Ina V.S. Mullis, Michael O. Martin, Pierre Foy and Martin Hooper},
  title           = {TIMSS 2015 International Results in Mathematics},
  publisher       = {Boston College , Chestnut Hill, MA},
  year            = {2016}
}

@article{orrantia2006dificultades,
  author          = {Josetxu Orrantia},
  title           = {Dificultades en el aprendizaje de las matem{\'{a}}ticas: una perspectiva evolutiva},
  journal         = {Revista Psi- copedagog{\'{i}}a},
  volume          = {23},
  number          = {71},
  year            = {2006},
  pages           = {158--180}
}

@article{rodriguez2017marcadores,
  title           = {Marcadores nucleares de la competencia aritm{\'{e}}tica en preescolares},
  author          = {Rodr{\'{i}}guez, Jos{\'{e}} Orrantia and Corral, Sara San Romualdo and Cordero, Laura Matilla and Fern{\'{a}}ndez, Mar{\'{i}}a del Rosario S{\'{a}}nchez and M{\'{e}}ndez, David M{\'{u}}{\~{n}}ez and Verschaffel, Lieven},
  journal         = {Psychology, Society \& Education},
  volume          = {9},
  number          = {1},
  pages           = {121--134},
  year            = {2017},
  publisher       = {Universidad de Almer{\'{i}}a}
}


@article{resnick1989developing,
  title           = {Developing mathematical knowledge},
  author          = {Resnick, Lauren B},
  journal         = {American Psychologist},
  volume          = {44},
  number          = {2},
  pages           = {162},
  year            = {1989},
  publisher       = {American Psychological Association}
}

@book{resnick1987learning,
  title           = {Learning to Understand Arithmetic},
  author          = {Resnick, L.B. and Omanson, S. and University of Pittsburgh. Learning Research and Development Center},
  url             = {https://books.google.com.mx/books?id=TURSnQEACAAJ},
  year            = {1987},
  publisher       = {Learning Research and Development Center, University of Pittsburgh}
}


@article{fuson1992research,
  title           = {Research on whole number addition and subtraction.},
  author          = {Fuson, Karen C},
  year            = {1992},
  publisher         = {Macmillan Publishing Co, Inc}
}

@article{godino2009sentido,
  title           = {El sentido num{\'e}rico como articulaci{\'o}n flexible de los significados parciales de los n{\'u}meros},
  author          = {Godino, Juan D and Font, Vicen{\c{c}} and Konic, Patricia and Wilhelmi, M},
  journal         = {JM Carde{\~n}oso y M. Pe{\~n}as (2009), Investigaci{\'o}n en el aula de Matem{\'a}ticas. Sentido Num{\'e}rico},
  pages           = {117--184},
  year            = {2009}
}

@article{geary2013adolescents,
  title           = {Adolescents’ functional numeracy is predicted by their school entry number system knowledge},
  author          = {Geary, David C and Hoard, Mary K and Nugent, Lara and Bailey, Drew H},
  journal         = {PloS one},
  volume          = {8},
  number          = {1},
  pages           = {e54651},
  year            = {2013},
  publisher       = {Public Library of Science San Francisco, USA}
}

@article{fuson1988children,
  title           = {Children's counting and concepts of number.},
  author          = {Fuson, Karen C},
  year            = {1988},
  publisher       = {Springer-Verlag Publishing}
}

@article{gusty2005importance,
  title           = {The importance of mental calculation skills: a review of the literature},
  author          = {Gusty, Robert},
  year            = {2005}
}

@article{tariq2002decline,
  title           = {A decline in numeracy skills among bioscienceunder graduates},
  author          = {Tariq, Vicki N},
  journal         = {Journal of Biological Education},
  volume          = {36},
  number          = {2},
  pages           = {76--83},
  year            = {2002},
  publisher       = {Taylor \& Francis}
}

@inproceedings{rodrigues2017math,
  title           = {A math educacional computer game using procedural content generation},
  author          = {Rodrigues, Luiz and Bonidia, Robson Parmezan and Brancher, Jacques Du{\'{i}}lio},
  booktitle       = {Brazilian Symposium on Computers in Education (Simp{\'{o}}sio Brasileiro de Inform{\'{a}}tica na Educa{\c{c}}{\~{a}}o-SBIE)},
  volume          = {28},
  number          = {1},
  pages           = {756},
  year            = {2017}
}

@article{carpenter2017psychology,
  title           = {Are psychology students getting worse at math?: Trends in the math skills of psychology statistics students across 21 years},
  author          = {Carpenter, Thomas P and Kirk, Roger E},
  journal         = {Educational Studies},
  volume          = {43},
  number          = {3},
  pages           = {282--295},
  year            = {2017},
  publisher       = {Taylor \& Francis}
}

@article{huang2013gamification,
  title           = {Gamification of education},
  author          = {Huang, Wendy Hsin-Yuan and Soman, Dilip},
  journal         = {Report Series: Behavioural Economics in Action},
  volume          = {29},
  year            = {2013},
  publisher       = {Rotman School of Management, University of Toronto Toronto, Canada}
}

@article{cleary2009self,
  title           = {Self-regulation, motivation, and math achievement in middle school: Variations across grade level and math context},
  author          = {Cleary, Timothy J and Chen, Peggy P},
  journal         = {Journal of school psychology},
  volume          = {47},
  number          = {5},
  pages           = {291--314},
  year            = {2009},
  publisher       = {Elsevier}
}

@article{martin2003loss,
  title           = {Loss of calculation abilities in patients with mild and moderate Alzheimer disease},
  author          = {Martin, Roy C and Annis, Shannon M and Darling, Laurie Z and Wadley, Virginia and Harrell, Lindy and Marson, Daniel C},
  journal         = {Archives of neurology},
  volume          = {60},
  number          = {11},
  pages           = {1585--1589},
  year            = {2003},
  publisher       = {American Medical Association}
}

@article{larrazolo2013habilidades,
  title           = {Habilidades de razonamiento matem{\'a}tico de estudiantes de educaci{\'o}n media superior en M{\'e}xico},
  author          = {Larrazolo, Norma and Backhoff, Eduardo and Tirado, Felipe},
  journal         = {Revista mexicana de investigaci{\'o}n educativa},
  volume          = {18},
  number          = {59},
  pages           = {1137--1163},
  year            = {2013},
  publisher       = {Consejo Mexicano de Investigaci{\'o}n Educativa AC}
}

@article{ryan1997should,
  title           = {" Should I ask for help?" The role of motivation and attitudes in adolescents' help seeking in math class.},
  author          = {Ryan, Allison M and Pintrich, Paul R},
  journal         = {Journal of educational psychology},
  volume          = {89},
  number          = {2},
  pages           = {329},
  year            = {1997},
  publisher       = {American Psychological Association}
}

@article{janzen2005test,
  title           = {Test-driven development concepts, taxonomy, and future direction},
  author          = {Janzen, David and Saiedian, Hossein},
  journal         = {Computer},
  volume          = {38},
  number          = {9},
  pages           = {43--50},
  year            = {2005},
  publisher       = {IEEE}
}

@article{hunt2006feature,
  title           = {Feature-driven development},
  author          = {Hunt, John},
  journal         = {Agile Software Construction},
  pages           = {161--182},
  year            = {2006},
  publisher       = {Springer}
}

@article{misbah15,
  title           = {Teacher interpersonal behaviour and student motivation in competence-based vocational education: Evidence from Indonesia},
  journal         = {Teaching and Teacher Education},
  volume          = {50},
  pages           = {79-89},
  year            = {2015},
  issn            = {0742-051X},
  doi             = {https://doi.org/10.1016/j.tate.2015.04.007},
  url             = {https://www.sciencedirect.com/science/article/pii/S0742051X15000797},
  author          = {Zainun Misbah and Judith Gulikers and Ridwan Maulana and Martin Mulder},
  keywords        = {Teacher interpersonal behaviour, Competence-based education, Intrinsic motivation, Vocational education, Indonesia},
  
}

@article{2Mot,
  ISSN            = {00346543, 19351046},
  URL             = {http://www.jstor.org/stable/24752865},
  author          = {Rory A. Lazowski and Chris S. Hulleman},
  journal         = {Review of Educational Research},
  number          = {2},
  pages           = {602--640},
  publisher       = {[Sage Publications, Inc., American Educational Research Association]},
  title           = {Motivation Interventions in Education: A Meta-Analytic Review},
  volume          = {86},
  year            = {2016}
}
@article{barroso2018produccion,
  title           = {La producci{\'o}n de objetos de aprendizaje en realidad aumentada por estudiantes universitarios. Grado de aceptaci{\'o}n de esta tecnolog{\'\i}a y motivaci{\'o}n para su uso},
  author          = {Barroso-Osuna, Julio and Cabero-Almenara, Julio and Guti{\'e}rrez-Castillo, Juan-Jes{\'u}s},
  journal         = {Revista mexicana de investigaci{\'o}n educativa},
  volume          = {23},
  number          = {79},
  pages           = {1261--1283},
  year            = {2018},
  publisher       = {Consejo Mexicano de Investigaci{\'o}n Educativa AC}
}
@article{wei2015teaching,
  title           = {Teaching based on augmented reality for a technical creative design course},
  author          = {Wei, Xiaodong and Weng, Dongdong and Liu, Yue and Wang, Yongtian},
  journal         = {Computers \& Education},
  volume          = {81},
  pages           = {221--234},
  year            = {2015},
  publisher       = {Elsevier}
}
@article{lu2015integrating,
  title           = {Integrating augmented reality technology to enhance children’s learning in marine education},
  author          = {Lu, Su-Ju and Liu, Ying-Chieh},
  journal         = {Environmental Education Research},
  volume          = {21},
  number          = {4},
  pages           = {525--541},
  year            = {2015},
  publisher       = {Taylor \& Francis}
}
@article{DISERIO2013586,
  title           = {Impact of an augmented reality system on students' motivation for a visual art course},
  journal         = {Computers & Education},
  volume          = {68},
  pages           = {586-596},
  year            = {2013},
  issn            = {0360-1315},
  doi             = {https://doi.org/10.1016/j.compedu.2012.03.002},
  url             = {https://www.sciencedirect.com/science/article/pii/S0360131512000590},
  author          = {Ángela {Di Serio} and María Blanca Ibáñez and Carlos Delgado Kloos},
  keywords        = {Augmented reality, Motivation, Middle-school education},
  abstract        = {In this paper, the authors show that augmented reality technology has a positive impact on the motivation of middle-school students. The Instructional Materials Motivation Survey (IMMS) (Keller, 2010) based on the ARCS motivation model (Keller, 1987a) was used to gather information; it considers four motivational factors: attention, relevance, confidence, and satisfaction. Motivational factors of attention and satisfaction in an augmented-reality-based learning environment were better rated than those obtained in a slides-based learning environment. When the impact of the augmented reality system was analyzed in isolation, the attention and confidence factors were the best rated. The usability study showed that although this technology is not mature enough to be used massively in education, enthusiasm of middle-school students diminished most of the barriers found.}
}
@article{bernaus2009teachers,
  title           = {Teachers’ motivation, classroom strategy use, students’ motivation and second language achievement},
  author          = {Bernaus, Merc{\`e} and Wilson, Annie and Gardner, Robert C and others},
  year            = {2009},
  publisher       = {Universidad de Granada}
}
@article{pearson2005relationship,
  title           = {The relationship between teacher autonomy and stress, work satisfaction, empowerment, and professionalism.},
  author          = {Pearson, L Carolyn and Moomaw, William},
  journal         = {Educational research quarterly},
  volume          = {29},
  number          = {1},
  pages           = {38--54},
  year            = {2005},
  publisher       = {ERIC}
}
@article{sanchez2019estrategias,
  title           = {Estrategias Pedag{\'o}gicas en Procesos de Ense{\~n}anza y Aprendizaje en la Educaci{\'o}n Superior incluyendo Tecnolog{\'\i}as de la Informaci{\'o}n y las Comunicaciones},
  author          = {S{\'a}nchez-Otero, Madelin and Garc{\'\i}a-Guiliany, Jes{\'u}s and Steffens-Sanabria, Ernesto and Palma, Hugo Hern{\'a}ndez},
  journal         = {Informaci{\'o}n tecnol{\'o}gica},
  volume          = {30},
  number          = {3},
  pages           = {277--286},
  year            = {2019},
  publisher       = {Centro de Informaci{\'o}n Tecnol{\'o}gica}
}